%YAML 1.1
%TAG !u! tag:unity3d.com,2011:
--- !u!1 &145260
GameObject:
  m_ObjectHideFlags: 0
  m_PrefabParentObject: {fileID: 0}
  m_PrefabInternal: {fileID: 100100000}
  serializedVersion: 4
  m_Component:
  - 4: {fileID: 412952}
  - 33: {fileID: 3385194}
  - 65: {fileID: 6536022}
  - 23: {fileID: 2377682}
  m_Layer: 0
  m_Name: Tile
  m_TagString: Untagged
  m_Icon: {fileID: 0}
  m_NavMeshLayer: 0
  m_StaticEditorFlags: 0
  m_IsActive: 1
--- !u!1 &178068
GameObject:
  m_ObjectHideFlags: 0
  m_PrefabParentObject: {fileID: 0}
  m_PrefabInternal: {fileID: 100100000}
  serializedVersion: 4
  m_Component:
  - 4: {fileID: 478800}
  - 114: {fileID: 11403228}
  m_Layer: 0
  m_Name: ChantTile
  m_TagString: Untagged
  m_Icon: {fileID: 0}
  m_NavMeshLayer: 0
  m_StaticEditorFlags: 0
  m_IsActive: 1
--- !u!1 &188382
GameObject:
  m_ObjectHideFlags: 0
  m_PrefabParentObject: {fileID: 0}
  m_PrefabInternal: {fileID: 100100000}
  serializedVersion: 4
  m_Component:
  - 4: {fileID: 405862}
  - 212: {fileID: 21273496}
  m_Layer: 0
  m_Name: Symbol
  m_TagString: Untagged
  m_Icon: {fileID: 0}
  m_NavMeshLayer: 0
  m_StaticEditorFlags: 0
  m_IsActive: 1
--- !u!4 &405862
Transform:
  m_ObjectHideFlags: 1
  m_PrefabParentObject: {fileID: 0}
  m_PrefabInternal: {fileID: 100100000}
  m_GameObject: {fileID: 188382}
  m_LocalRotation: {x: .707106709, y: 0, z: 0, w: .707106829}
  m_LocalPosition: {x: 0, y: .100000001, z: 0}
  m_LocalScale: {x: 1, y: 1, z: 1}
  m_Children: []
  m_Father: {fileID: 478800}
  m_RootOrder: 1
--- !u!4 &412952
Transform:
  m_ObjectHideFlags: 1
  m_PrefabParentObject: {fileID: 0}
  m_PrefabInternal: {fileID: 100100000}
  m_GameObject: {fileID: 145260}
  m_LocalRotation: {x: 0, y: 0, z: 0, w: 1}
  m_LocalPosition: {x: 0, y: 0, z: 0}
  m_LocalScale: {x: 1, y: .100000001, z: 1}
  m_Children: []
  m_Father: {fileID: 478800}
  m_RootOrder: 0
--- !u!4 &478800
Transform:
  m_ObjectHideFlags: 1
  m_PrefabParentObject: {fileID: 0}
  m_PrefabInternal: {fileID: 100100000}
  m_GameObject: {fileID: 178068}
  m_LocalRotation: {x: 0, y: 0, z: 0, w: 1}
  m_LocalPosition: {x: 0, y: 0, z: 0}
  m_LocalScale: {x: 1, y: 1, z: 1}
  m_Children:
  - {fileID: 412952}
  - {fileID: 405862}
  m_Father: {fileID: 0}
  m_RootOrder: 0
--- !u!23 &2377682
MeshRenderer:
  m_ObjectHideFlags: 1
  m_PrefabParentObject: {fileID: 0}
  m_PrefabInternal: {fileID: 100100000}
  m_GameObject: {fileID: 145260}
  m_Enabled: 1
  m_CastShadows: 1
  m_ReceiveShadows: 1
  m_Materials:
  - {fileID: 2100000, guid: 5644cd25ac536ae4388c16a4d8e19ceb, type: 2}
  m_SubsetIndices: 
  m_StaticBatchRoot: {fileID: 0}
  m_UseLightProbes: 1
  m_ReflectionProbeUsage: 1
  m_ProbeAnchor: {fileID: 0}
  m_ScaleInLightmap: 1
  m_PreserveUVs: 1
  m_ImportantGI: 0
  m_AutoUVMaxDistance: .5
  m_AutoUVMaxAngle: 89
  m_LightmapParameters: {fileID: 0}
  m_SortingLayerID: 0
  m_SortingOrder: 0
--- !u!33 &3385194
MeshFilter:
  m_ObjectHideFlags: 1
  m_PrefabParentObject: {fileID: 0}
  m_PrefabInternal: {fileID: 100100000}
  m_GameObject: {fileID: 145260}
  m_Mesh: {fileID: 10202, guid: 0000000000000000e000000000000000, type: 0}
--- !u!65 &6536022
BoxCollider:
  m_ObjectHideFlags: 1
  m_PrefabParentObject: {fileID: 0}
  m_PrefabInternal: {fileID: 100100000}
  m_GameObject: {fileID: 145260}
  m_Material: {fileID: 0}
  m_IsTrigger: 0
  m_Enabled: 1
  serializedVersion: 2
  m_Size: {x: 1, y: 1, z: 1}
  m_Center: {x: 0, y: 0, z: 0}
--- !u!114 &11403228
MonoBehaviour:
  m_ObjectHideFlags: 1
  m_PrefabParentObject: {fileID: 0}
  m_PrefabInternal: {fileID: 100100000}
  m_GameObject: {fileID: 178068}
  m_Enabled: 1
  m_EditorHideFlags: 0
  m_Script: {fileID: 11500000, guid: fc1cb699d27b1df49bd550cd417c3400, type: 3}
  m_Name: 
  m_EditorClassIdentifier: 
  row: 0
  col: 0
  isEdge: 0
  myWall: {fileID: 0}
  myWallIndex: 0
  myType: 
  tilePosition: {x: 0, y: 0, z: 0}
  canMoveOnto: 1
  canMoveOff: 1
  moverOnTile: {fileID: 0}
  isRooted: 0
  myRoot: {fileID: 0}
  isDestructable: 0
  doGroundRoot: 0
  tileNeighbours: []
  mr: {fileID: 0}
  mat: {fileID: 0}
  defaultTileMat: {fileID: 0}
  boxCollider: {fileID: 0}
  tileType: 0
  chantIndex: 0
  activeCol: {r: .367647052, g: .92150104, b: 1, a: 1}
  sprite: {fileID: 21273496}
  isActive: 0
--- !u!212 &21273496
SpriteRenderer:
  m_ObjectHideFlags: 1
  m_PrefabParentObject: {fileID: 0}
  m_PrefabInternal: {fileID: 100100000}
  m_GameObject: {fileID: 188382}
  m_Enabled: 1
  m_CastShadows: 0
  m_ReceiveShadows: 0
  m_Materials:
  - {fileID: 10754, guid: 0000000000000000e000000000000000, type: 0}
  m_SubsetIndices: 
  m_StaticBatchRoot: {fileID: 0}
  m_UseLightProbes: 0
  m_ReflectionProbeUsage: 0
  m_ProbeAnchor: {fileID: 0}
  m_ScaleInLightmap: 1
  m_PreserveUVs: 0
  m_ImportantGI: 0
  m_AutoUVMaxDistance: .5
  m_AutoUVMaxAngle: 89
  m_LightmapParameters: {fileID: 0}
  m_SortingLayerID: 0
  m_SortingOrder: 0
  m_Sprite: {fileID: 21300000, guid: 749a3026c9e989746bbd1a9320f2ff2a, type: 3}
  m_Color: {r: .367647052, g: .92150104, b: 1, a: 1}
--- !u!1001 &100100000
Prefab:
  m_ObjectHideFlags: 1
  serializedVersion: 2
  m_Modification:
    m_TransformParent: {fileID: 0}
    m_Modifications:
    - target: {fileID: 0}
      propertyPath: activeCol.r
      value: .367647052
      objectReference: {fileID: 0}
    - target: {fileID: 0}
      propertyPath: activeCol.g
      value: .92150104
      objectReference: {fileID: 0}
    - target: {fileID: 0}
      propertyPath: activeCol.b
      value: 1
      objectReference: {fileID: 0}
    - target: {fileID: 0}
      propertyPath: activeCol.a
      value: 1
      objectReference: {fileID: 0}
    - target: {fileID: 0}
      propertyPath: sprite
      value: 
      objectReference: {fileID: 21273496}
    m_RemovedComponents: []
  m_ParentPrefab: {fileID: 0}
  m_RootGameObject: {fileID: 178068}
  m_IsPrefabParent: 1
